@article{gpumafia,
  author = {Adinetz, Andrew and Kraus, Jiri and Meinke, Jan and Pleiter, Dirk},
  year   = {2013},
  month  = {08},
  pages  = {838-849},
  title  = {{GPUMAFIA: Efficient Subspace Clustering with MAFIA on GPUs}},
  isbn   = {9783642400469},
  doi    = {10.1007/978-3-642-40047-6_83}
}